@article{jordan2002discriminative,
  title={On discriminative vs. generative classifiers: A comparison of logistic regression and naive bayes},
  author={Jordan, A},
  journal={Advances in neural information processing systems},
  volume={14},
  pages={841},
  year={2002}
}
@online{reddit,
  title = {Reddit API DOCUMENTATION},
  author = {Reddit Inc.},
  url = {http://www.reddit.com/dev/api},
  note = {Accessed: 2014-09-23},
}